@Book{ross-1987,
  author = {Ted Ross},
  title = {Teach Yourself the Art of Music Engraving \& Processing},
  publisher = {Hansen Books},
  year = {1987},
  note = {This is the main text on which the rules encoded by Gsharp are based}
}

@book{tex,
  author =      "Donald E. Knuth",
  title =       "The TeXbook",
  publisher =   "Addison Wesley",
  year =        1970,
}

@book{aho-hopcroft-ullman,
  author =      "Alfred V. Aho and John E. Hopcroft and Jeffrey D. Ullman",
  title =       "The design and analysis of computer algorithms",
  publisher =   "Addison Wesley",
  year =        1974,
}

@Article {haken-1993,
  year =  {1993},
  title = {The Tilia Music Representation: Extensibility, Abstraction, and Notation Contexts for the Lime Music Editor}, 
  author = {Lippold Haken and Dorothea Blostein},
  journal = {Computer Music Journal},
  volume= {17},
  number={3},
  pages = {43--58},
}

@InProceedings{haken-1995,
  year =  {1995},
  title = {A New Algorithm for Horizontal Spacing of Printed Music},
  author = {Lippold Haken and Dorothea Blostein},
  booktitle = {International Computer Music Conference},
  address={Banff},
  month={Sept},
  pages = {118-119},
}

@Article {blostein-1991,
  year =  {1991},
  title = {Justification of Printed Music},
  author = {Dorothea Blostein and Lippold Haken},
  journal   = {Communications of the ACM},
  volume= {J34},
  number= {3},
  month= {March},
  pages = {88-99},
}

@Article{blostein-1994,
  author =       {Dorothea Blostein and Lippold Haken},
  title =        {The Lime Music Editor: A Diagram Editor Involving Complex
  Translations},
  journal =      {Software Practice and Experience},
  year =         {1994},
  volume =       {24},
  number =       {3},
  month =        {march},
  pages =        {289--306},
}

@TechReport {gourlay-1987-spacing,
  year =  {1987},
  title = {Spacing a Line of Music,},
  author = {John S. Gourlay},
  number = {OSU-CISRC-10/87-TR35},
  institution ={Department of Computer and Information Science, The Ohio State University},
}

@TechReport {gourlay-1987-formatting,
  year =  {1987},
  title = {Computer Formatting of Music},
  author = {John S. Gourlay and A. Parrish
and D. Roush and F. Sola and Y. Tien},
  number = {OSU-CISRC-2/87-TR3},
  institution ={Department of Computer and Information Science,
The Ohio State University},
}

@TechReport {hegazy-1987,
  year =  {1987},
  title = {On the Implementation of the {MusiCopy} Language Processor,},
  author = {Wael A. Hegazy},
  number = {OSU-CISRC-10/87-TR34},
  institution={Department of Computer and Information Science, The Ohio State University},
}

@TechReport {hegazy-1987-breaking,
  year =  {1987},
  title = {Optimal line breaking in music},
  author = {Wael A. Hegazy and John S. Gourlay},
  number = {OSU-CISRC-8/87-TR33},
  institution={Department of Computer and Information Science, The Ohio State University,},
}

@Article {rader-1996,
  year =  {1996},
  title = {Creating Printed Music Automatically},
  author = {Gary M. Rader},
  journal = {Computer},
  volume={29},
  number={6},
  month={June},
  pages = {61--69},
}


